@article{Eisenstat82,
 author = {Eisenstat, C. Stanley and Gursky, MC and Schultz, H. Martin and Sherman, H. Andrew},
 title = {Yale Sparse Matrix Package I: The Symmetric Codes},
 journal = {International Journal for Numerical Methods in Engineering},
 year = {1982},
 }

@misc{IntelSparseMatrix,
 author = {Intel},
 title = {{Sparse Matrix Storage Formats, Intel Math Kernel Library}},
 howpublished={\url{https://software.intel.com/en-us/node/471374}},
 }

@inproceedings{Jourdan98,
 author = {Jourdan, Stephen and Ronen, Ronny and Bekerman, Michael and Shomar, Bishara and Yoaz, Adi},
 title = {A Novel Renaming Scheme to Exploit Value Temporal Locality Through Physical Register Reuse and Unification},
 booktitle = MICRO},
 year = {1998},
} 

@inproceedings{Carter99,
  author    = {John B. Carter and
               Wilson C. Hsieh and
               Leigh Stoller and
               Mark R. Swanson and
               Lixin Zhang and
               Erik Brunvand and
               Al Davis and
               Chen{-}Chi Kuo and
               Ravindra Kuramkote and
               Michael A. Parker and
               Lambert Schaelicke and
               Terry Tateyama},
  title     = {Impulse: Building a Smarter Memory Controller},
  booktitle = {HPCA},
  year      = {1999},
 }
  
@inproceedings{Villa00,
 author = {Villa, Luis and Zhang, Michael and Asanovi\'{c}, Krste},
 title = {Dynamic Zero Compression for Cache Energy Reduction},
 booktitle = {MICRO},
 year = {2000},
} 
  
@inproceedings{Zhang00,
 author = {Zhang, Youtao and Yang, Jun and Gupta, Rajiv},
 title = {Frequent Value Locality and Value-centric Data Cache Design},
 booktitle = {ASPLOS},
 year = {2000},
}    

@inproceedings{Balakrishnan03,
 author = {Balakrishnan, Saisanthosh and Sohi, Gurindar S.},
 title = {Exploiting Value Locality in Physical Register Files},
 booktitle = {MICRO},
 year = {2003},
}      
               
@inproceedings{Ng04,
 author = {Ng, Andrew Y.},
 title = {Feature Selection, L1 vs. L2 Regularization, and Rotational Invariance},
 booktitle = {ICML},
 year = {2004},
} 

@inproceedings{collobert2008,
  title={A unified architecture for natural language processing: Deep neural networks with multitask learning},
  author={Collobert, Ronan and Weston, Jason},
  booktitle={ICML},
  year={2008},
}

@inproceedings{Dusser09,
 author = {Dusser, Julien and Piquet, Thomas and Seznec, Andr{\'e}},
 title = {Zero-content Augmented Caches},
 booktitle = {ICS},
 year = {2009},
} 

@inproceedings{Islam09,
 author = {Islam, Mafijul Md. and Stenstrom, Per},
 title = {Zero-Value Caches: Cancelling Loads That Return Zero},
 booktitle = {PACT},
 year = {2009},
} 

@inproceedings{Nair10,
  author = {Nair, Vinod and Hinton, Geoffrey E.},
  booktitle = {ICML},
  title = {Rectified Linear Units Improve Restricted Boltzmann Machines.},
  year = 2010
}
  
 @article{Collobert11,
 author = {Collobert, Ronan and Weston, Jason and Bottou, L{\'e}on and Karlen, Michael and Kavukcuoglu, Koray and Kuksa, Pavel},
 title = {Natural Language Processing (Almost) from Scratch},
 journal = {The Journal of Machine Learning Research},
 year = {2011},
}
  
@article{Dahl12,
 author = {Dahl, G. E. and Dong Yu and Li Deng and Acero, A.},
 title = {Context-Dependent Pre-Trained Deep Neural Networks for Large-Vocabulary Speech Recognition},
 journal = {Trans. Audio, Speech and Lang. Proc.},
 year = {2012},
}
@article{Hinton12,
title = {Deep Neural Networks for Acoustic Modeling in Speech Recognition},
author  = {Geoffrey Hinton and Li Deng and Dong Yu and George Dahl and {Abdel-rahman} Mohamed and Navdeep Jaitly and Andrew Senior and Vincent Vanhoucke and Patrick Nguyen and Tara Sainath and Brian Kingsbury},
year  = 2012,
journal = {Signal Processing Magazine}
}

@inproceedings{deng2012scalable,
  title={Scalable stacking and learning for building deep architectures},
  author={Deng, Li and Yu, Dong and Platt, John},
  booktitle={Acoustics, Speech and Signal Processing (ICASSP), 2012 IEEE International Conference on},
  pages={2133--2136},
  year={2012},
  organization={IEEE}
}

@inproceedings{Krizhevsky12,
title = {ImageNet Classification with Deep Convolutional Neural Networks},
author = {Alex Krizhevsky and Sutskever, Ilya and Geoffrey E. Hinton},
booktitle = {NIPS},
year = {2012},
}

@inproceedings{Le12,
author  = {Quoc Le and Marc'Aurelio Ranzato and Rajat Monga and Matthieu Devin and Kai Chen and Greg Corrado and Jeff Dean and Andrew Ng},
title = {Building high-level features using large scale unsupervised learning},
year  = 2012,
booktitle = {ICML}
}

@inproceedings{Dean12,
  author = {Dean, Jeffrey and Corrado, Greg and Monga, Rajat and Chen, Kai and Devin, Matthieu and Le, Quoc V. and Mao, Mark Z. and Ranzato, Marc'Aurelio and Senior, Andrew W. and Tucker, Paul A. and Yang, Ke and Ng, Andrew Y.},
  booktitle = {NIPS},
  title = {Large Scale Distributed Deep Networks.},
  year = 2012
}

@Inproceedings {Srinidhi12,
author       = {Srinidhi Kestur and John D. Davis and Eric S. Chung},
title        = {Towards a Universal FPGA Matrix-Vector Multiplication Architecture},
booktitle    = {FCCM},
year         = {2012},
}


@INPROCEEDINGS{Bengio13,
     author = {Bengio, Yoshua and Boulanger-Lewandowski, Nicolas and Pascanu, Razvan},
   keywords = {Deep Learning, long-term dependencies, Recurrent networks, representation learning},
      title = {Advances in Optimizing Recurrent Networks},
      booktitle = {Proc. ICASSP 38},
      year = {2013},
}

@inproceedings{mikolov2013,
  title={Distributed representations of words and phrases and their compositionality},
  author={Mikolov, Tomas and Sutskever, Ilya and Chen, Kai and Corrado, Greg S and Dean, Jeff},
  booktitle={NIPS},
  year={2013}
}

@inproceedings{Chilimbi14,
 author = {Chilimbi, Trishul and Apacible, Johnson and Kalyanaraman, Karthik and Suzue, Yutaka},
 title = {Project Adam: Building an Efficient and Scalable Deep Learning Training System},
 booktitle={OSDI},
 year=2014,
}

@article{Srivastava14a,
  author  = {Nitish Srivastava and Geoffrey Hinton and Alex Krizhevsky and Ilya Sutskever and Ruslan Salakhutdinov},
  title   = {Dropout: A Simple Way to Prevent Neural Networks from Overfitting},
  journal = {Journal of Machine Learning Research},
  year    = {2014},
}

@article{hannun2014deepspeech,
  title={DeepSpeech: Scaling up end-to-end speech recognition},
  author={Hannun, Awni and Case, Carl and Casper, Jared and Catanzaro, Bryan and Diamos, Greg and Elsen, Erich and Prenger, Ryan and Satheesh,  Sanjeev and Sengupta, Shubho and Coates, Adam and others},
  journal={arXiv preprint arXiv:1412.5567},
  year={2014}
}

@Inproceedings {Fowers13,
author       = {Jeremy Fowers and Kalin Ovtcharov and Karin Strauss and Eric Chung and Greg Stitt},
booktitle    = {International Symposium on Field-Programmable Custom Computing Machines},
title        = {A High Memory Bandwidth FPGA Accelerator for Sparse Matrix-Vector Multiplication},
year         = {2014},
}


@article{He15,
  author    = {Kaiming He and
               Xiangyu Zhang and
               Shaoqing Ren and
               Jian Sun},
  title     = {Delving Deep into Rectifiers: Surpassing Human-Level Performance on
               ImageNet Classification},
  journal   = {CoRR},
  year      = {2015},
  url       = {http://arxiv.org/abs/1502.01852},
 }
 
 @inproceedings{Seshadri15,
 author = {Seshadri, Vivek and Pekhimenko, Gennady and Ruwase, Olatunji and Mutlu, Onur and Gibbons, Phillip B. and Kozuch, Michael A. and Mowry, Todd C. and Chilimbi, Trishul},
 title = {Page Overlays: An Enhanced Virtual Memory Framework to Enable Fine-grained Memory Management},
 booktitle = {ISCA},
 year = {2015},
} 
 
 @inproceedings{eaf,
  author = {Seshadri, V. and Mutlu, O. and Kozuch, M. A. and Mowry, T. C.},
  title = {{The Evicted-Address Filter: A Unified Mechanism to Address Both Cach\
 e Pollution and Thrashing}},
  booktitle = {PACT},
  year = {2012},
 }

 @misc{memsim,
  title = {{Memsim}},
  howpublished = {\url{http://safari.ece.cmu.edu/tools.html}},
  year = {2012},
 }

 @article{power6-prefetcher,
  author = {Le, H. Q. and Starke, W. J. and Fields, J. S. and O'Connell, F. P. a\
 nd Nguyen, D. Q. and Ronchetti, B. J. and Sauer, W. M. and Schwarz, E. M. and V\
 aden, M. T.},
  title = {IBM POWER6 Microarchitecture},
  journal = {IBM JRD},
  volume = {51},
  number = {6},
  year = {2007},
 }

 @misc{ddr3,
   author={JEDEC},
   title={{DDR3 SDRAM, JESD79-3F}},
   year={2012},
 }

 @inproceedings{fdp,
  author = {Srinath, S. and Mutlu, O. and Kim, H. and Patt, Y. N.},
  title = {Feedback Directed Prefetching: Improving the Performance and Bandwidt\
 h-Efficiency of Hardware Prefetchers},
  booktitle = {HPCA},
  year = {2007},
}

@inproceedings{Bottou10,
  title={Large-scale machine learning with stochastic gradient descent},
  author={Bottou, L{\'e}on},
  booktitle={COMPSTAT},
  year={2010}
}

@mastersthesis{KrizhevskyThesis,
  author       = {Alex Krizhevsky},
  title        = {Learning Multiple Layers of Features from Tiny Images},
  school       = {Computer Science  Department, University of Toronto},
  year         = {2009},
}

@inproceedings{imagenet09,
        AUTHOR = {Deng, J. and Dong, W. and Socher, R. and Li, L.-J. and Li, K. and Fei-Fei, L.},
        TITLE = {{ImageNet: A Large-Scale Hierarchical Image Database}},
        BOOKTITLE = {CVPR09},
        YEAR = {2009},
}

@article{Bengio09,
author = {Bengio, Yoshua},
title = {Learning Deep Architectures for {AI}},
journal = {Foundations and Trends in Machine Learning},
year = {2009},
}

@INPROCEEDINGS{Lecun98,
    author = {Yann Lecun and LÃ©on Bottou and Yoshua Bengio and Patrick Haffner},
    title = {Gradient-based learning applied to document recognition},
    booktitle = {Proceedings of the IEEE},
    year = {1998},
    pages = {2278--2324}
}

@incollection{LeCun98b,
 author = {LeCun, Yann and Bengio, Yoshua},
 chapter = {Convolutional Networks for Images, Speech, and Time Series},
 title = {The Handbook of Brain Theory and Neural Networks},
 year = {1998},
 }

@article{Hubel59,
author = {Hubel, D.H. and Wiesel T.N.},
title = {Receptive fields of single neurons in the cat's striate cortex},
journal = {Journal of Physiology},
year = {1959},
}
